@Article{Akyildiz05,
author = "Akyildiz, I. F. and Wang, X.",
title = "A Survey on Wireless Mesh Networks",
journal = "IEEE Radio Communications",
year = 2005,
pages = "S23-S30",
language = "english"
}

@Article{Ramanathan02,
author = "Ramanathan, R. and Radi, J.",
title = "A brief overview of Ad Hoc Networks:
challenges and directions",
journal = "IEEE Communications Magazine",
year = 2002,
pages = "20-22",
language = "english"
}

@Article{IEEE802155,
author = "Ramanathan, R. and Radi, J.",
title = "A brief overview of Ad Hoc Networks:
challenges and directions",
journal = "IEEE Communications Magazine",
year = 2002,
pages = "20-22",
language = "english"
}


@MISC{web:Meraki,
      TITLE = "Cisco Meraki | Mesh routing",
      NOTE = "url{https://www.meraki.com/technologies/mesh-routing}"
}

@MISC{web:MikroTik,
      TITLE = "Wireless WDS Mesh - MikroTik Wiki",
      NOTE = "url{http://wiki.mikrotik.com/wiki/Wireless\_WDS\_Mesh}"
}

@MISC{web:OpenWrt,
      TITLE = "OLSR Mesh [OpenWrt Wiki]",
      NOTE = "url{http://wiki.openwrt.org/ru/inbox/mesh.olsr}"
}




